%% This BibTeX bibliography file was created using BibDesk.
%% http://bibdesk.sourceforge.net/
%% Created for Justin Garofoli at 2014-02-24 11:59:03 -0500 
%% Saved with string encoding Unicode (UTF-8) 



@ONLINE{webpage2,
author = {},
title = {AutismSpeaks},
month =April,
year = {2018},
url = {https://www.autismspeaks.org/what-autism/symptoms}
}

%%1
@article{christensen2016prevalence,
  title={Prevalence and characteristics of autism spectrum disorder among 4-year-old children in the autism and developmental disabilities monitoring network},
  author={Christensen, Deborah L and Bilder, Deborah A and Zahorodny, Walter and Pettygrove, Sydney and Durkin, Maureen S and Fitzgerald, Robert T and Rice, Catherine and Kurzius-Spencer, Margaret and Baio, Jon and Yeargin-Allsopp, Marshalyn},
  journal={Journal of Developmental \& Behavioral Pediatrics},
  volume={37},
  number={1},
  pages={1--8},
  year={2016},
  publisher={LWW}
}
%%2
@article{bassett199922q11,
  title={22q11 deletion syndrome: a genetic subtype of schizophrenia},
  author={Bassett, Anne S and Chow, Eva WC},
  journal={Biological psychiatry},
  volume={46},
  number={7},
  pages={882--891},
  year={1999},
  publisher={Elsevier}
}
%%3
@article{bassett2005clinical,
  title={Clinical features of 78 adults with 22q11 deletion syndrome},
  author={Bassett, Anne S and Chow, Eva WC and Husted, Janice and Weksberg, Rosanna and Caluseriu, Oana and Webb, Gary D and Gatzoulis, Michael A},
  journal={American Journal of Medical Genetics Part A},
  volume={138},
  number={4},
  pages={307--313},
  year={2005},
  publisher={Wiley Online Library}
}
%%4
@incollection{johnson2004early,
  title={Early clinical characteristics of children with autism},
  author={Johnson, Chris Plauch{\'e}},
  booktitle={Autistic spectrum disorders in children},
  pages={86--121},
  year={2004},
  publisher={CRC Press}
}
%%5
@article{wall2012use,
  title={Use of machine learning to shorten observation-based screening and diagnosis of autism},
  author={Wall, DP and Kosmicki, J and Deluca, TF and Harstad, E and Fusaro, VA},
  journal={Translational psychiatry},
  volume={2},
  number={4},
  pages={e100},
  year={2012},
  publisher={Nature Publishing Group}
}
%%6
@book{edition2013diagnostic,
  title={Diagnostic and statistical manual of mental disorders},
  author={Edition, Fourth},
  year={2013},
  publisher={Am Psychiatric Assoc}
}
%%7
@article{visser2014trends,
  title={Trends in the parent-report of health care provider-diagnosed and medicated attention-deficit/hyperactivity disorder: United States, 2003--2011},
  author={Visser, Susanna N and Danielson, Melissa L and Bitsko, Rebecca H and Holbrook, Joseph R and Kogan, Michael D and Ghandour, Reem M and Perou, Ruth and Blumberg, Stephen J},
  journal={Journal of the American Academy of Child \& Adolescent Psychiatry},
  volume={53},
  number={1},
  pages={34--46},
  year={2014},
  publisher={Elsevier}
}
%%8 
@article{barbaresi2013mortality,
  title={Mortality, ADHD, and psychosocial adversity in adults with childhood ADHD: a prospective study},
  author={Barbaresi, William J and Colligan, Robert C and Weaver, Amy L and Voigt, Robert G and Killian, Jill M and Katusic, Slavica K},
  journal={Pediatrics},
  volume={131},
  number={4},
  pages={637--644},
  year={2013},
  publisher={Am Acad Pediatrics}
}
%%9
@article{digeorge1968congenital,
  title={Congenital absence of the thymus and its immunologic consequences: concurrence with congenital hypoparathyroidism},
  author={DiGeorge, Angelo M},
  journal={Birth defects original article series},
  volume={4},
  pages={116},
  year={1968},
  publisher={National Foundation March of Dimes}
}
%%10
@article{restivo200622q11,
  title={22q11 deletion syndrome: a review of some developmental biology aspects of the cardiovascular system},
  author={Restivo, Angelo and Sarkozy, Anna and Digilio, Maria Cristina and Dallapiccola, Bruno and Marino, Bruno},
  journal={Journal of Cardiovascular Medicine},
  volume={7},
  number={2},
  pages={77--85},
  year={2006},
  publisher={LWW}
}
%%11
@article{mcdonald2011chromosome,
  title={Chromosome 22q11. 2 deletion syndrome (DiGeorge syndrome/velocardiofacial syndrome)},
  author={McDonald-McGinn, Donna M and Sullivan, Kathleen E},
  journal={Medicine},
  volume={90},
  number={1},
  pages={1--18},
  year={2011},
  publisher={LWW}
}
%%12
@article{cross2017external,
  title={External links},
  author={Cross, Milton},
  journal={Focus On: 100 Most Popular RCA Records Artists},
  year={2017},
  publisher={e-artnow sro}
}
%%13
@article{bassett2008schizophrenia,
  title={Schizophrenia and 22q11. 2 deletion syndrome},
  author={Bassett, Anne S and Chow, Eva WC},
  journal={Current psychiatry reports},
  volume={10},
  number={2},
  pages={148},
  year={2008},
  publisher={Springer}
}
%%14
@article{bassett2000chromosomal,
  title={Chromosomal abnormalities and schizophrenia},
  author={Bassett, Anne S and Chow, Eva WC and Weksberg, Rosanna},
  journal={American Journal of Medical Genetics Part A},
  volume={97},
  number={1},
  pages={45--51},
  year={2000},
  publisher={Wiley Online Library}
}
@ONLINE{webpage1,
author = {NIMH},
title = {National Institute of Mental Health},
month =April,
year = {2018},
url = {https://www.nimh.nih.gov/health/topics/schizophrenia/index.shtml}
}

%%15
@article{hodgkinson2001genetic,
  title={Genetic counselling for schizophrenia in the era of molecular genetics},
  author={Hodgkinson, Kathleen A and Murphy, Jillian and O'Neill, Sheri and Brzustowicz, Linda and Bassett, Anne S},
  journal={The Canadian Journal of Psychiatry},
  volume={46},
  number={2},
  pages={123--130},
  year={2001},
  publisher={SAGE Publications Sage CA: Los Angeles, CA}
}
%%16
@article{chow2006neurocognitive,
  title={Neurocognitive profile in 22q11 deletion syndrome and schizophrenia},
  author={Chow, Eva WC and Watson, Mark and Young, Donald A and Bassett, Anne S},
  journal={Schizophrenia research},
  volume={87},
  number={1},
  pages={270--278},
  year={2006},
  publisher={Elsevier}
}
%%17
@article{raux2006involvement,
  title={Involvement of hyperprolinemia in cognitive and psychiatric features of the 22q11 deletion syndrome},
  author={Raux, Gregory and Bumsel, Emilie and Hecketsweiler, Bernadette and van Amelsvoort, Therese and Zinkstok, Janneke and Manouvrier-Hanu, Sylvie and Fantini, Carole and Breviere, Georges-Marie M and Di Rosa, Gabriella and Pustorino, Giuseppina and others},
  journal={Human molecular genetics},
  volume={16},
  number={1},
  pages={83--91},
  year={2006},
  publisher={Oxford University Press}
}
%%18
@article{van2004brain,
  title={Brain Anatomy in Adults With Velocardiofacial Syndrome With and WithoutSchizophrenia: Preliminary Results of a Structural Magnetic Resonance Imaging Study},
  author={van Amelsvoort, Therese and Daly, Eileen and Henry, Jayne and Robertson, Dene and Ng, Virginia and Owen, Michael and Murphy, Kieran C and Murphy, Declan GM},
  journal={Archives of general psychiatry},
  volume={61},
  number={11},
  pages={1085--1096},
  year={2004},
  publisher={American Medical Association}
}
%%19

@article{chow1999qualitative,
  title={Qualitative MRI findings in adults with 22q11 deletion syndrome and schizophrenia},
  author={Chow, Eva WC and Mikulis, David J and Zipursky, Robert B and Scutt, Laura E and Weksberg, Rosanna and Bassett, Anne S},
  journal={Biological Psychiatry},
  volume={46},
  number={10},
  pages={1436--1442},
  year={1999},
  publisher={Elsevier}
}
%%20
@article{ousley2017examining,
  title={Examining the overlap between autism spectrum disorder and 22q11. 2 deletion syndrome},
  author={Ousley, Opal and Evans, A Nichole and Fernandez-Carriba, Samuel and Smearman, Erica L and Rockers, Kimberly and Morrier, Michael J and Evans, David W and Coleman, Karlene and Cubells, Joseph},
  journal={International journal of molecular sciences},
  volume={18},
  number={5},
  pages={1071},
  year={2017},
  publisher={Multidisciplinary Digital Publishing Institute}
}
%%21
@article{antshel2007autistic,
  title={Autistic spectrum disorders in velo-cardio facial syndrome (22q11. 2 deletion)},
  author={Antshel, Kevin M and Aneja, Alka and Strunge, Leslie and Peebles, Jena and Fremont, Wanda P and Stallone, Kimberly and AbdulSabur, Nuria and Higgins, Anne Marie and Shprintzen, Robert J and Kates, Wendy R},
  journal={Journal of autism and developmental disorders},
  volume={37},
  number={9},
  pages={1776--1786},
  year={2007},
  publisher={Springer}
}
%%22
@article{kotte2013autistic,
  title={Autistic traits in children with and without ADHD},
  author={Kotte, Amelia and Joshi, Gagan and Fried, Ronna and Uchida, Mai and Spencer, Andrea and Woodworth, K Yvonne and Kenworthy, Tara and Faraone, Stephen V and Biederman, Joseph},
  journal={Pediatrics},
  volume={132},
  number={3},
  pages={e612--e622},
  year={2013},
  publisher={Am Acad Pediatrics}
}
%23
@article{rommelse2010shared,
  title={Shared heritability of attention-deficit/hyperactivity disorder and autism spectrum disorder},
  author={Rommelse, Nanda NJ and Franke, Barbara and Geurts, Hilde M and Hartman, Catharina A and Buitelaar, Jan K},
  journal={European child \& adolescent psychiatry},
  volume={19},
  number={3},
  pages={281--295},
  year={2010},
  publisher={Springer}
}
%24
@article{leitner2014co,
  title={The co-occurrence of autism and attention deficit hyperactivity disorder in children--what do we know?},
  author={Leitner, Yael},
  journal={Frontiers in human neuroscience},
  volume={8},
  pages={268},
  year={2014},
  publisher={Frontiers}
}
%%25
@article{lee2013genetic,
  title={Genetic relationship between five psychiatric disorders estimated from genome-wide SNPs},
  author={Lee, S Hong and Ripke, Stephan and Neale, Benjamin M and Faraone, Stephen V and Purcell, Shaun M and Perlis, Roy H and Mowry, Bryan J and Thapar, Anita and Goddard, Michael E and Witte, John S and others},
  journal={Nature genetics},
  volume={45},
  number={9},
  pages={984},
  year={2013},
  publisher={Nature Publishing Group}
}
%%26
@article{van2012autism,
  title={Are autism spectrum disorder and attention-deficit/hyperactivity disorder different manifestations of one overarching disorder? Cognitive and symptom evidence from a clinical and population-based sample},
  author={van der Meer, Jolanda MJ and Oerlemans, Anoek M and van Steijn, Daphne J and Lappenschaar, Martijn GA and de Sonneville, Leo MJ and Buitelaar, Jan K and Rommelse, Nanda NJ},
  journal={Journal of the American Academy of Child \& Adolescent Psychiatry},
  volume={51},
  number={11},
  pages={1160--1172},
  year={2012},
  publisher={Elsevier}
}
@article{Kottepeds.2012-3947,
title={Autistic Traits in Children With and Without ADHD},
author={Kotte, Amelia and Joshi, Gagan and Fried, Ronna and Uchida, Mai and Spencer, Andrea and Woodworth, K. Yvonne and Kenworthy, Tara and Faraone, Stephen V. and Biederman, Joseph},
journal={Pediatrics},
year={2013},
publisher={American Academy of Pediatrics}
}
%%27
@article{dougherty2016comparison,
  title={A comparison of structural brain imaging findings in autism spectrum disorder and attention-deficit hyperactivity disorder},
  author={Dougherty, Chase C and Evans, David W and Myers, Scott M and Moore, Gregory J and Michael, Andrew M},
  journal={Neuropsychology review},
  volume={26},
  number={1},
  pages={25--43},
  year={2016},
  publisher={Springer}
}
%%28
@article{rommelse2017structural,
  title={Structural brain imaging correlates of ASD and ADHD across the lifespan: a hypothesis-generating review on developmental ASD--ADHD subtypes},
  author={Rommelse, Nanda and Buitelaar, Jan K and Hartman, Catharina A},
  journal={Journal of Neural Transmission},
  volume={124},
  number={2},
  pages={259--271},
  year={2017},
  publisher={Springer}
}
%%29
@article{bone2015applying,
  title={Applying machine learning to facilitate autism diagnostics: pitfalls and promises},
  author={Bone, Daniel and Goodwin, Matthew S and Black, Matthew P and Lee, Chi-Chun and Audhkhasi, Kartik and Narayanan, Shrikanth},
  journal={Journal of autism and developmental disorders},
  volume={45},
  number={5},
  pages={1121--1136},
  year={2015},
  publisher={Springer}
}
%%30
@article{lord1994autism,
  title={Autism Diagnostic Interview-Revised: a revised version of a diagnostic interview for caregivers of individuals with possible pervasive developmental disorders},
  author={Lord, Catherine and Rutter, Michael and Le Couteur, Ann},
  journal={Journal of autism and developmental disorders},
  volume={24},
  number={5},
  pages={659--685},
  year={1994},
  publisher={Springer}
}
%%31
@article{rutter2003autism,
  title={Autism diagnostic interview-revised},
  author={Rutter, Michael and Le Couteur, A and Lord, C and others},
  journal={Los Angeles, CA: Western Psychological Services},
  volume={29},
  pages={30},
  year={2003}
}
%%32
@article{reaven2008use,
  title={Use of the ADOS and ADI-R in children with psychosis: Importance of clinical judgment},
  author={Reaven, Judith A and Hepburn, Susan L and Ross, Randal G},
  journal={Clinical child psychology and psychiatry},
  volume={13},
  number={1},
  pages={81--94},
  year={2008},
  publisher={Sage Publications Sage UK: London, England}
}
%%33
@book{american2013diagnostic,
  title={Diagnostic and statistical manual of mental disorders (DSM-5{\textregistered})},
  author={American Psychiatric Association and others},
  year={2013},
  publisher={American Psychiatric Pub}
}
%%34
@article{kates2015neurocognitive,
  title={Neurocognitive and familial moderators of psychiatric risk in velocardiofacial (22q11. 2 deletion) syndrome: a longitudinal study},
  author={Kates, WR and Russo, N and Wood, WM and Antshel, KM and Faraone, SV and Fremont, WP},
  journal={Psychological medicine},
  volume={45},
  number={8},
  pages={1629--1639},
  year={2015},
  publisher={Cambridge University Press}
}
%%35
@article{ostrander1998diagnosing,
  title={Diagnosing attention deficit disorders with the Behavioral Assessment System for Children and the Child Behavior Checklist: Test and construct validity analyses using optimal discriminant classification trees.},
  author={Ostrander, Rick and Weinfurt, Kevin P and Yarnold, Paul R and August, Gerald J},
  journal={Journal of Consulting and Clinical Psychology},
  volume={66},
  number={4},
  pages={660},
  year={1998},
  publisher={American Psychological Association}
}
%%36
@article{jarratt2005assessment,
  title={Assessment of attention deficit hyperactivity disorder (ADHD) using the BASC and BRIEF},
  author={Jarratt, Kelly Pizzitola and Riccio, Cynthia A and Siekierski, Becky M},
  journal={Applied Neuropsychology},
  volume={12},
  number={2},
  pages={83--93},
  year={2005},
  publisher={Taylor \& Francis}
}
%%37
@article{gardner2017comparing,
  title={Comparing Behavioral Profiles for Autism Spectrum Disorders and Intellectual Disabilities Using the BASC-2 Parent Rating Scales--Preschool Form},
  author={Gardner, Lauren M and Campbell, Jonathan M and Bush, Andrew J and Murphy, Laura},
  journal={Journal of Psychoeducational Assessment},
  pages={0734282916689438},
  year={2017},
  publisher={SAGE Publications Sage CA: Los Angeles, CA}
}
%%38
@article{sparrow1984vineland,
  title={Vineland adaptive behavior scales},
  author={Sparrow, Sara S and Balla, David A and Cicchetti, Domenic V and Harrison, Patti L and Doll, Edgar A},
  year={1984},
  publisher={American Guidance Service Circle Pines, MN}
}
%%39
@article{roizen1994adaptive,
  title={Adaptive functioning in children with attention-deficit hyperactivity disorder},
  author={Roizen, Nancy J and Blondis, Thomas A and Irwin, Mark and Stein, Mark},
  journal={Archives of pediatrics \& adolescent medicine},
  volume={148},
  number={11},
  pages={1137--1142},
  year={1994},
  publisher={American Medical Association}
}
%%40
@article{yang2016vineland,
  title={Vineland adaptive behavior scales: II profile of young children with autism spectrum disorder},
  author={Yang, Sabrina and Paynter, Jessica M and Gilmore, Linda},
  journal={Journal of autism and developmental disorders},
  volume={46},
  number={1},
  pages={64--73},
  year={2016},
  publisher={Springer}
}
%%41
@article{sikora2012attention,
  title={Attention-deficit/hyperactivity disorder symptoms, adaptive functioning, and quality of life in children with autism spectrum disorder},
  author={Sikora, Darryn M and Vora, Parul and Coury, Daniel L and Rosenberg, Daniel},
  journal={Pediatrics},
  volume={130},
  number={Supplement 2},
  pages={S91--S97},
  year={2012},
  publisher={Am Acad Pediatrics}
}
%%42
@article{antshel200522q11,
  title={22q11. 2 deletion syndrome: genetics, neuroanatomy and cognitive/behavioral features keywords},
  author={Antshel, Kevin M and Kates, Wendy R and Roizen, Nancy and Fremont, Wanda and Shprintzen, Robert J},
  journal={Child Neuropsychology},
  volume={11},
  number={1},
  pages={5--19},
  year={2005},
  publisher={Taylor \& Francis}
}
%%43
@article{samuel1959some,
  title={Some studies in machine learning using the game of checkers},
  author={Samuel, Arthur L},
  journal={IBM Journal of research and development},
  volume={3},
  number={3},
  pages={210--229},
  year={1959},
  publisher={IBM}
}
%%44
@article{kohavi1998glossary,
  title={Glossary of terms},
  author={Kohavi, Ron},
  journal={Machine Learning},
  volume={30},
  pages={271--274},
  year={1998}
}
%%45
@article{lewandowski2009actions,
  title={Actions can speak as loud as words: Measuring behavior in psychological science},
  author={Lewandowski Jr, Gary W and Strohmetz, David B},
  journal={Social and Personality Psychology Compass},
  volume={3},
  number={6},
  pages={992--1002},
  year={2009},
  publisher={Wiley Online Library}
}
%%46
@article{deary2001reaction,
  title={Reaction times and intelligence differences: A population-based cohort study},
  author={Deary, Ian J and Der, Geoff and Ford, Graeme},
  journal={Intelligence},
  volume={29},
  number={5},
  pages={389--399},
  year={2001},
  publisher={Elsevier}
}
%%47
@inproceedings{uluyagmur2016adhd,
  title={ADHD and ASD Classification Based on Emotion Recognition Data},
  author={Uluyagmur-Ozturk, Mahiye and Arman, Ayse Rodopman and Yilmaz, Seval Sultan and Findik, Onur Tugce Poyraz and Genc, Herdem Aslan and Carkaxhiu-Bulut, Gresa and Yazgan, M Yanki and Teker, Umut and Cataltepe, Zehra},
  booktitle={Machine Learning and Applications (ICMLA), 2016 15th IEEE International Conference on},
  pages={810--813},
  year={2016},
  organization={IEEE}
}
%%48
@article{baisch2017reaction,
  title={Reaction time of children with and without autistic spectrum disorders},
  author={Baisch, Brett and Sean Cai, S and Li, Zongming and Pinheiro, Victor},
  journal={Open J Med Psychol},
  volume={6},
  pages={166--178},
  year={2017}
}
%%49
@inproceedings{rinck2014magnetic,
  title={Magnetic resonance: a critical peer-reviewed introduction},
  author={Rinck, P},
  booktitle={Magnetic resonance in medicine. The basic textbook of the European magnetic resonance forum,},
  pages={21--01},
  year={2014}
}
%%50
@article{ghiassian2016using,
  title={Using functional or structural magnetic resonance images and personal characteristic data to identify ADHD and autism},
  author={Ghiassian, Sina and Greiner, Russell and Jin, Ping and Brown, Matthew RG},
  journal={PloS one},
  volume={11},
  number={12},
  pages={e0166934},
  year={2016},
  publisher={Public Library of Science}
}
%%51
@article{heinsfeld2018identification,
  title={Identification of autism spectrum disorder using deep learning and the ABIDE dataset},
  author={Heinsfeld, Anibal S{\'o}lon and Franco, Alexandre Rosa and Craddock, R Cameron and Buchweitz, Augusto and Meneguzzi, Felipe},
  journal={NeuroImage: Clinical},
  volume={17},
  pages={16--23},
  year={2018},
  publisher={Elsevier}
}
%%52
@article{tylee2017machine,
  title={Machine-learning classification of 22q11. 2 deletion syndrome: A diffusion tensor imaging study},
  author={Tylee, Daniel S and Kikinis, Zora and Quinn, Thomas P and Antshel, Kevin M and Fremont, Wanda and Tahir, Muhammad A and Zhu, Anni and Gong, Xue and Glatt, Stephen J and Coman, Ioana L and others},
  journal={NeuroImage: Clinical},
  volume={15},
  pages={832--842},
  year={2017},
  publisher={Elsevier}
}
%%53
@book{james2013introduction,
  title={An introduction to statistical learning},
  author={James, Gareth and Witten, Daniela and Hastie, Trevor and Tibshirani, Robert},
  volume={112},
  year={2013},
  publisher={Springer}
}
%%54
@article{duda2017use,
  title={Use of machine learning for behavioral distinction of autism and ADHD},
  author={Duda, M and Ma, R and Haber, N and Wall, DP},
  journal={Translational psychiatry},
  volume={6},
  number={2},
  pages={e732},
  year={2017},
  publisher={Nature Publishing Group}
}
%%55
@article{wall2012use,
  title={Use of machine learning to shorten observation-based screening and diagnosis of autism},
  author={Wall, DP and Kosmicki, J and Deluca, TF and Harstad, E and Fusaro, VA},
  journal={Translational psychiatry},
  volume={2},
  number={4},
  pages={e100},
  year={2012},
  publisher={Nature Publishing Group}
}